@InProceedings {doe17,
author= {Doe, John and Ney, Hermann},	
title= {Example Work},
booktitle= {Conference on Machine Translation},	
year= 2017,	
address= {Copenhagen, Denmark},	
month= sep,	
}

