
@inproceedings{artetxe2017learning,
	title={Learning bilingual word embeddings with (almost) no bilingual data},
	author={Artetxe, Mikel and Labaka, Gorka and Agirre, Eneko},
	booktitle={Proceedings of the 55th Annual Meeting of the Association for Computational Linguistics (Volume 1: Long Papers)},
	volume={1},
	pages={451--462},
	year={2017}
}

@article{conneau2017word,
	title={Word translation without parallel data},
	author={Conneau, Alexis and Lample, Guillaume and Ranzato, Marc'Aurelio and Denoyer, Ludovic and J{\'e}gou, Herv{\'e}},
	journal={arXiv preprint arXiv:1710.04087},
	year={2017}
}

@article{hoshen2018iterative,
	title={An Iterative Closest Point Method for Unsupervised Word Translation},
	author={Hoshen, Yedid and Wolf, Lior},
	journal={arXiv preprint arXiv:1801.06126},
	year={2018}
}



@article{artetxe2017unsupervised,
	title={Unsupervised neural machine translation},
	author={Artetxe, Mikel and Labaka, Gorka and Agirre, Eneko and Cho, Kyunghyun},
	journal={arXiv preprint arXiv:1710.11041},
	year={2017}
}

@article{lample2017unsupervised,
	title={Unsupervised Machine Translation Using Monolingual Corpora Only},
	author={Lample, Guillaume and Denoyer, Ludovic and Ranzato, Marc'Aurelio},
	journal={arXiv preprint arXiv:1711.00043},
	year={2017}
}

@article{lample2018phrase,
	title={Phrase-Based \& Neural Unsupervised Machine Translation},
	author={Lample, Guillaume and Ott, Myle and Conneau, Alexis and Denoyer, Ludovic and Ranzato, Marc'Aurelio},
	journal={arXiv preprint arXiv:1804.07755},
	year={2018}
}

@article{joulin2016fasttext,
	title={FastText.zip: Compressing text classification models},
	author={Joulin, Armand and Grave, Edouard and Bojanowski, Piotr and Douze, Matthijs and J{\'e}gou, H{\'e}rve and Mikolov, Tomas},
	journal={arXiv preprint arXiv:1612.03651},
	year={2016}
}

@inproceedings{mikolov2013distributed,
	title={Distributed representations of words and phrases and their compositionality},
	author={Mikolov, Tomas and Sutskever, Ilya and Chen, Kai and Corrado, Greg S and Dean, Jeff},
	booktitle={Advances in neural information processing systems},
	pages={3111--3119},
	year={2013}
}


@article{luong2015effective,
	title={Effective approaches to attention-based neural machine translation},
	author={Luong, Minh-Thang and Pham, Hieu and Manning, Christopher D},
	journal={arXiv preprint arXiv:1508.04025},
	year={2015}
}

@inproceedings{xu2015show,
	title={Show, attend and tell: Neural image caption generation with visual attention},
	author={Xu, Kelvin and Ba, Jimmy and Kiros, Ryan and Cho, Kyunghyun and Courville, Aaron and Salakhudinov, Ruslan and Zemel, Rich and Bengio, Yoshua},
	booktitle={International conference on machine learning},
	pages={2048--2057},
	year={2015}
}

@article{bahdanau2014neural,
	title={Neural machine translation by jointly learning to align and translate},
	author={Bahdanau, Dzmitry and Cho, Kyunghyun and Bengio, Yoshua},
	journal={arXiv preprint arXiv:1409.0473},
	year={2014}
}

@article{artetxe2018robust,
	title={A robust self-learning method for fully unsupervised cross-lingual mappings of word embeddings},
	author={Artetxe, Mikel and Labaka, Gorka and Agirre, Eneko},
	journal={arXiv preprint arXiv:1805.06297},
	year={2018}
}

@article{mikolov2013efficient,
	title={Efficient estimation of word representations in vector space},
	author={Mikolov, Tomas and Chen, Kai and Corrado, Greg and Dean, Jeffrey},
	journal={arXiv preprint arXiv:1301.3781},
	year={2013}
}


@inproceedings{mikolov2013distributed,
	title={Distributed representations of words and phrases and their compositionality},
	author={Mikolov, Tomas and Sutskever, Ilya and Chen, Kai and Corrado, Greg S and Dean, Jeff},
	booktitle={Advances in neural information processing systems},
	pages={3111--3119},
	year={2013}
}


@inproceedings{pennington2014glove,
	title={Glove: Global vectors for word representation},
	author={Pennington, Jeffrey and Socher, Richard and Manning, Christopher},
	booktitle={Proceedings of the 2014 conference on empirical methods in natural language processing (EMNLP)},
	pages={1532--1543},
	year={2014}
}


@article{bojanowski2016enriching,
	title={Enriching word vectors with subword information},
	author={Bojanowski, Piotr and Grave, Edouard and Joulin, Armand and Mikolov, Tomas},
	journal={arXiv preprint arXiv:1607.04606},
	year={2016}
}

@article{ruder2017survey,
	title={A survey of cross-lingual word embedding models},
	author={Ruder, Sebastian and Vuli{\'c}, Ivan and S{\o}gaard, Anders},
	journal={arXiv preprint arXiv:1706.04902},
	year={2017}
}

@article{mikolov2013exploiting,
	title={Exploiting similarities among languages for machine translation},
	author={Mikolov, Tomas and Le, Quoc V and Sutskever, Ilya},
	journal={arXiv preprint arXiv:1309.4168},
	year={2013}
}

@inproceedings{xing2015normalized,
	title={Normalized word embedding and orthogonal transform for bilingual word translation},
	author={Xing, Chao and Wang, Dong and Liu, Chao and Lin, Yiye},
	booktitle={Proceedings of the 2015 Conference of the North American Chapter of the Association for Computational Linguistics: Human Language Technologies},
	pages={1006--1011},
	year={2015}
}

@inproceedings{zhang2017adversarial,
	title={Adversarial training for unsupervised bilingual lexicon induction},
	author={Zhang, Meng and Liu, Yang and Luan, Huanbo and Sun, Maosong},
	booktitle={Proceedings of the 55th Annual Meeting of the Association for Computational Linguistics (Volume 1: Long Papers)},
	volume={1},
	pages={1959--1970},
	year={2017}
}


@inproceedings{cao2016distribution,
	title={A distribution-based model to learn bilingual word embeddings},
	author={Cao, Hailong and Zhao, Tiejun and Zhang, Shu and Meng, Yao},
	booktitle={Proceedings of COLING 2016, the 26th International Conference on Computational Linguistics: Technical Papers},
	pages={1818--1827},
	year={2016}
}


@inproceedings{ravi2011deciphering,
	title={Deciphering foreign language},
	author={Ravi, Sujith and Knight, Kevin},
	booktitle={Proceedings of the 49th Annual Meeting of the Association for Computational Linguistics: Human Language Technologies-Volume 1},
	pages={12--21},
	year={2011},
	organization={Association for Computational Linguistics}
}

@inproceedings{nuhn2012deciphering,
	title={Deciphering foreign language by combining language models and context vectors},
	author={Nuhn, Malte and Mauser, Arne and Ney, Hermann},
	booktitle={Proceedings of the 50th Annual Meeting of the Association for Computational Linguistics: Long Papers-Volume 1},
	pages={156--164},
	year={2012},
	organization={Association for Computational Linguistics}
}

@inproceedings{nuhn2014decipherment,
	title={Em decipherment for large vocabularies},
	author={Nuhn, Malte and Ney, Hermann},
	booktitle={Proceedings of the 52nd Annual Meeting of the Association for Computational Linguistics (Volume 2: Short Papers)},
	volume={2},
	pages={759--764},
	year={2014}
}

@inproceedings{kim2017unsupervised,
	title={Unsupervised Training for Large Vocabulary Translation Using Sparse Lexicon and Word Classes},
	author={Kim, Yunsu and Schamper, Julian and Ney, Hermann},
	booktitle={Proceedings of the 15th Conference of the European Chapter of the Association for Computational Linguistics: Volume 2, Short Papers},
	volume={2},
	pages={650--656},
	year={2017}
}


@article{gehring2017convolutional,
	title={Convolutional sequence to sequence learning},
	author={Gehring, Jonas and Auli, Michael and Grangier, David and Yarats, Denis and Dauphin, Yann N},
	journal={arXiv preprint arXiv:1705.03122},
	year={2017}
}

@article{chen2017teacher,
	title={A teacher-student framework for zero-resource neural machine translation},
	author={Chen, Yun and Liu, Yang and Cheng, Yong and Li, Victor OK},
	journal={arXiv preprint arXiv:1705.00753},
	year={2017}
}

@inproceedings{cohn2007machine,
	title={Machine translation by triangulation: Making effective use of multi-parallel corpora},
	author={Cohn, Trevor and Lapata, Mirella},
	booktitle={Proceedings of the 45th Annual Meeting of the Association of Computational Linguistics},
	pages={728--735},
	year={2007}
}

@inproceedings{he2016dual,
	title={Dual learning for machine translation},
	author={He, Di and Xia, Yingce and Qin, Tao and Wang, Liwei and Yu, Nenghai and Liu, Tieyan and Ma, Wei-Ying},
	booktitle={Advances in Neural Information Processing Systems},
	pages={820--828},
	year={2016}
}


@article{duong2016learning,
	title={Learning crosslingual word embeddings without bilingual corpora},
	author={Duong, Long and Kanayama, Hiroshi and Ma, Tengfei and Bird, Steven and Cohn, Trevor},
	journal={arXiv preprint arXiv:1606.09403},
	year={2016}
}

@article{vulic2016role,
	title={On the role of seed lexicons in learning bilingual word embeddings},
	author={Vulic, Ivan and Korhonen, Anna-Leena},
	year={2016}
}

@inproceedings{vaswani2017attention,
	title={Attention is all you need},
	author={Vaswani, Ashish and Shazeer, Noam and Parmar, Niki and Uszkoreit, Jakob and Jones, Llion and Gomez, Aidan N and Kaiser, {\L}ukasz and Polosukhin, Illia},
	booktitle={Advances in Neural Information Processing Systems},
	pages={5998--6008},
	year={2017}
}